<record xmlns='http://www.loc.gov/MARC21/slim'><leader>02741ntm a2200361Ii 4500</leader><controlfield tag='001'>991058301965106011</controlfield><controlfield tag='005'>20220506123514.0</controlfield><controlfield tag='008'>220506s1590    sp            000 0 eng d</controlfield><datafield ind1=' ' ind2=' ' tag='035'><subfield code='a'>(OCoLC)1314385832h</subfield></datafield><datafield ind1=' ' ind2=' ' tag='035'><subfield code='a'>(OCoLC)on1314385832h</subfield></datafield><datafield ind1=' ' ind2=' ' tag='040'><subfield code='a'>HRH</subfield><subfield code='b'>eng</subfield><subfield code='e'>dcrmmss</subfield><subfield code='c'>HRH</subfield></datafield><datafield ind1=' ' ind2=' ' tag='041'><subfield code='a'>lat</subfield></datafield><datafield ind1=' ' ind2=' ' tag='049'><subfield code='a'>HRHH</subfield></datafield><datafield ind1=' ' ind2='9' tag='099'><subfield code='a'>MS 3327, Container 64</subfield></datafield><datafield ind1='0' ind2='0' tag='245'><subfield code='a'>Curationes particularium affectum Interprete Vinsentio Garsia Salat seu potius Ludouico Collada :</subfield><subfield code='k'>manuscript.</subfield></datafield><datafield ind1=' ' ind2='0' tag='264'><subfield code='a'>Spain? ;</subfield><subfield code='c'>approximately 1590?</subfield></datafield><datafield ind1=' ' ind2=' ' tag='300'><subfield code='a'>428 leaves :</subfield><subfield code='b'>paper,</subfield><subfield code='c'>15 x 11 cm</subfield></datafield><datafield ind1=' ' ind2=' ' tag='336'><subfield code='a'>text</subfield><subfield code='b'>txt</subfield><subfield code='2'>rdacontent</subfield></datafield><datafield ind1=' ' ind2=' ' tag='337'><subfield code='a'>unmediated</subfield><subfield code='b'>n</subfield><subfield code='2'>rdamedia</subfield></datafield><datafield ind1=' ' ind2=' ' tag='338'><subfield code='a'>volume</subfield><subfield code='b'>nc</subfield><subfield code='2'>rdacarrier</subfield></datafield><datafield ind1=' ' ind2=' ' tag='500'><subfield code='a'>Title from caption?</subfield></datafield><datafield ind1=' ' ind2=' ' tag='506'><subfield code='a'>Unrestricted, for either reading room or classroom use.</subfield></datafield><datafield ind1=' ' ind2=' ' tag='520'><subfield code='a'>Medical vademecum of eighteen short treatises, principally concerning neurological and cardiovascular complaints.</subfield></datafield><datafield ind1=' ' ind2=' ' tag='590'><subfield code='a'>Binding (Spain? 16th c?): Limp animal skin parchment. Straight caps, bookblock rounded, natural hollow, cut edges, fore edge cover extensions, no decoration or title. Remnants of alum-tawed thong fastenings at fore edge. Compound endbands: off-white primary, rose/yellow secondary with front bead, over parchment core, endband slips laced through outer joints. Sewn on three alum-tawed thongs laced through outer joints. Endleaf components: front inserted sewn fold off-white handmade laid paper making free endleaf, stub (first leaf of first gathering missing); back final six (of eight leaves) of final gathering text blanks.</subfield></datafield><datafield ind1=' ' ind2=' ' tag='590'><subfield code='a'>MS 3327, Container 64: Para Dr. Brooks en recuerdo de su visita a Barcelona, signed Francisco [Wurtz?]; other notes Aug 6/89, 4941/1, #268 Salat; acquired by the Ransom Center (R5374) in 1973 from Jenkins and Company. Binding (Spain? 16th c?): Limp animal skin parchment. Straight caps, bookblock rounded, natural hollow, cut edges, fore edge cover extensions, no decoration or title. Remnants of alum-tawed thong fastenings at fore edge. Compound endbands: off-white primary, rose/yellow secondary with front bead, over parchment core, endband slips laced through outer joints. Sewn on three alum-tawed thongs laced through outer joints. Endleaf components: front inserted sewn fold off-white handmade laid paper making free endleaf, stub (first leaf of first gathering missing); back final six (of eight leaves) of final gathering text blanks.</subfield></datafield><datafield ind1=' ' ind2='0' tag='650'><subfield code='a'>Medicine.</subfield></datafield><datafield ind1='1' ind2=' ' tag='700'><subfield code='a'>García Salat, Vicente,</subfield><subfield code='d'>1614.</subfield></datafield><datafield ind1='1' ind2=' ' tag='700'><subfield code='a'>Collado, Luis.</subfield></datafield><datafield ind1='1' ind2=' ' tag='790'><subfield code='a'>Brooks, Dr.,</subfield><subfield code='e'>former owner.</subfield></datafield><datafield ind1='1' ind2=' ' tag='790'><subfield code='a'>Wurtz, Franciso,</subfield><subfield code='e'>former owner.</subfield></datafield><datafield ind1='2' ind2=' ' tag='791'><subfield code='a'>Medieval and Early Modern Manuscripts Collection.</subfield></datafield><datafield ind1=' ' ind2=' ' tag='752'><subfield code='a'>Spain,</subfield><subfield code='e'>producation place.</subfield></datafield><datafield ind1=' ' ind2=' ' tag='994'><subfield code='a'>C0</subfield><subfield code='b'>HRH</subfield></datafield></record>
